<record><leader>00000cas a22000007a 4500</leader><controlfield tag="001">12948287</controlfield><controlfield tag="008">851221d18711872iaucr ne      0    0eng d</controlfield><datafield ind1=" " ind2=" " tag="010"><subfield code="a">sn 85049916 </subfield></datafield><datafield ind1=" " ind2=" " tag="040"><subfield code="a">INP</subfield><subfield code="b">eng</subfield><subfield code="c">INP</subfield><subfield code="d">OCLCQ</subfield></datafield><datafield ind1=" " ind2=" " tag="042"><subfield code="a">msc</subfield></datafield><datafield ind1="0" ind2="0" tag="245"><subfield code="a">People's semi-weekly journal.</subfield></datafield><datafield ind1="1" ind2="3" tag="246"><subfield code="a">People's journal</subfield></datafield><datafield ind1=" " ind2=" " tag="260"><subfield code="a">Vinton, Iowa :</subfield><subfield code="b">[s.n.],</subfield><subfield code="c">1871-</subfield></datafield><datafield ind1=" " ind2=" " tag="300"><subfield code="a">v. :</subfield><subfield code="b">ill. (chiefly advertisements) ;</subfield><subfield code="c">55 cm.</subfield></datafield><datafield ind1=" " ind2=" " tag="310"><subfield code="a">Semiweekly</subfield></datafield><datafield ind1="0" ind2=" " tag="362"><subfield code="a">Vol. 3, no. 10 (Feb. 18, 1871)-</subfield></datafield><datafield ind1="1" ind2=" " tag="362"><subfield code="a">Ceased in 1872?</subfield><subfield code="z">Cf. Bibl. of Iowa newspapers.</subfield></datafield><datafield ind1=" " ind2=" " tag="500"><subfield code="a">Originally edited by: A.H. Brown.</subfield></datafield><datafield ind1=" " ind2=" " tag="752"><subfield code="a">United States</subfield><subfield code="b">Iowa</subfield><subfield code="c">Benton</subfield><subfield code="d">Vinton.</subfield></datafield><datafield ind1="0" ind2=" " tag="775"><subfield code="t">People's weekly journal (Vinton, Iowa)</subfield><subfield code="w">(DLC)sn 86061019</subfield></datafield><datafield ind1="1" ind2=" " tag="029"><subfield code="a">AU@</subfield><subfield code="b">000025786621</subfield></datafield></record>